@Misc{ANP,
	key = {key},
	organization = {Ag\^ncia Nacional do Petr\'oleo, G\'as Natural e Biocumbust\'ivel},
	org-short ={ANP},
	title = {Série histórica do levantamento de preços e de margens de comercialização de combustíveis},
	howpublished = {site},
	month = {março},
	year = {2019},
	urlaccessdate= {29 de mai. 2016},
	url= {http://www.anp.gov.br/precos-e-defesa-da-concorrencia/precos/levantamento-de-precos/serie-historica-do-levantamento-de-precos-e-de-margens-de-comercializacao-de-combustiveis}
}
@Article{Eletricity,
	author = {Vincenzo Bianco and Oronzio Manca and Sergio Nardini},
	title = {Electricity consumption forecasting in Italy using linear regression models},
	journal = {Energy},
	year = {2009},
	key = {key},
	volume = {5},
	number = {34},
	pages = {1413-1421},
}
@Article{Price,
	author = {Ciwei Gao and Ettore Bompard and Roberto Napoli and Haozhong Cheng},
	title = {Price forecast in the competitive electricity market
by support vector machine},
	journal = {Physica A},
	year = {2007},
	key = {key},
	volume = {382},
	pages = {98-113},
	month = {abril},
}
@Book{Livro,
	author = {author},
	editor = {editor},
	title = {title},
    subtitle={subtitle},
	publisher = {publisher},
	year = {year},
    isbn={85-7164-411-X},
	volume = {volume},
	number = {number},
	series = {series},
	address = {address},
	edition = {edition},
	month = {month},
	note = {note},
	annote = {annote},
}
@Article{Artigo,
	author = {author},
	title = {title},
	journal = {journal},
	year = {year},
	key = {key},
	volume = {volume},
	number = {number},
	pages = {pages},
	month = {month},
	note = {note},
	annote = {annote},
}

@InBook{ID,
	author = {author},
	editor = {editor},
	title = {title},
	chapter = {chapter},
	publisher = {publisher},
	year = {year},
	key = {key},
	volume = {volume},
	number = {number},
	series = {series},
	type = {type},
	address = {address},
	edition = {edition},
	month = {month},
	pages = {pages},
	note = {note},
}

@PhdThesis{ID,
	author = {author},
	title = {title},
    subtitle={subtitle},
	school = {school},
	year = {year},
	key = {key},
	type = {type},
	address = {address},
	month = {month},
	note = {note},
	annote = {annote},
}
@masterthesis{ID,
	author = {author},
	title = {title},
    subtitle={subtitle},
	school = {school},
	year = {year},
	key = {key},
	type = {type},
	address = {address},
	month = {month},
	note = {note},
	annote = {annote},
}
@Misc{Misc,
	key = {key},
	author = {author},
	title = {title},
	howpublished = {howpublished},
	month = {month},
	year = {year},
	note = {note},
	url= {url}
}

@Manual{Manual,
	title = {title},
	key = {key},
	author = {author},
	organization = {organization},
    org-short={IDF},
	address = {address},
	edition = {edition},
	month = {month},
	year = {year},
	note = {note},
	url= {url}
}


